@article{DBLP:journals/corr/abs-1804-08150,
  author    = {Amirhossein Tavanaei and
               Masoud Ghodrati and
               Saeed Reza Kheradpisheh and
               Timoth{\'{e}}e Masquelier and
               Anthony S. Maida},
  title     = {Deep Learning in Spiking Neural Networks},
  journal   = {CoRR},
  volume    = {abs/1804.08150},
  year      = {2018},
  url       = {http://arxiv.org/abs/1804.08150},
  archivePrefix = {arXiv},
  eprint    = {1804.08150},
  timestamp = {Mon, 13 Aug 2018 16:46:04 +0200},
  biburl    = {https://dblp.org/rec/bib/journals/corr/abs-1804-08150},
  bibsource = {dblp computer science bibliography, https://dblp.org}
}



@article{Salimans2017EvolutionSA,
  title={Evolution Strategies as a Scalable Alternative to Reinforcement Learning},
  author={Tim Salimans and Jonathan Ho and Xi Chen and Ilya Sutskever},
  journal={CoRR},
  year={2017},
  volume={abs/1703.03864}
}



@article{DBLP:journals/corr/RedmonDGF15,
  author    = {Joseph Redmon and
               Santosh Kumar Divvala and
               Ross B. Girshick and
               Ali Farhadi},
  title     = {You Only Look Once: Unified, Real-Time Object Detection},
  journal   = {CoRR},
  volume    = {abs/1506.02640},
  year      = {2015},
  url       = {http://arxiv.org/abs/1506.02640},
  archivePrefix = {arXiv},
  eprint    = {1506.02640},
  timestamp = {Wed, 07 Jun 2017 14:40:10 +0200},
  biburl    = {https://dblp.org/rec/bib/journals/corr/RedmonDGF15},
  bibsource = {dblp computer science bibliography, https://dblp.org}
}

@article{DBLP:journals/corr/RenHG015,
  author    = {Shaoqing Ren and
               Kaiming He and
               Ross B. Girshick and
               Jian Sun},
  title     = {Faster {R-CNN:} Towards Real-Time Object Detection with Region Proposal
               Networks},
  journal   = {CoRR},
  volume    = {abs/1506.01497},
  year      = {2015},
  url       = {http://arxiv.org/abs/1506.01497},
  archivePrefix = {arXiv},
  eprint    = {1506.01497},
  timestamp = {Wed, 07 Jun 2017 14:42:40 +0200},
  biburl    = {https://dblp.org/rec/bib/journals/corr/RenHG015},
  bibsource = {dblp computer science bibliography, https://dblp.org}
}
@article{celshade,
 author = {DeCarlo, Doug and Santella, Anthony},
 title = {Stylization and Abstraction of Photographs},
 journal = {ACM Trans. Graph.},
 issue_date = {July 2002},
 volume = {21},
 number = {3},
 month = jul,
 year = {2002},
 issn = {0730-0301},
 pages = {769--776},
 numpages = {8},
 url = {http://doi.acm.org/10.1145/566654.566650},
 doi = {10.1145/566654.566650},
 acmid = {566650},
 publisher = {ACM},
 address = {New York, NY, USA},
 keywords = {eye-tracking, image simplification, non-photorealistic rendering, visual perception},
} 
@ARTICLE{KITTI,
  author = {Andreas Geiger and Philip Lenz and Christoph Stiller and Raquel Urtasun},
  title = {Vision meets Robotics: The KITTI Dataset},
  journal = {International Journal of Robotics Research (IJRR)},
  year = {2013}
} 

@INPROCEEDINGS{7759425,
author={J. Skinner and S. Garg and N. Sünderhauf and P. Corke and B. Upcroft and M. Milford},
booktitle={2016 IEEE/RSJ International Conference on Intelligent Robots and Systems (IROS)},
title={High-fidelity simulation for evaluating robotic vision performance},
year={2016},
volume={},
number={},
pages={2737-2744},
keywords={SLAM (robots);cameras;learning (artificial intelligence);neural nets;object recognition;robot vision;camera;convolution neural network;high-fidelity simulation;lighting conditions;machine learning;multidomain demonstration;object recognition;photo-realistic simulation tool;robotic vision performance evaluation;robust place recognition;visual SLAM;Cameras;Engines;Lighting;Robot vision systems;Simultaneous localization and mapping;Visualization},
doi={10.1109/IROS.2016.7759425},
ISSN={},
month={Oct},}


@ARTICLE{8307405, 
author={J. Sochor and J. Špaňhel and A. Herout}, 
journal={IEEE Transactions on Intelligent Transportation Systems}, 
title={BoxCars: Improving Fine-Grained Recognition of Vehicles Using 3-D Bounding Boxes in Traffic Surveillance}, 
year={2018}, 
volume={}, 
number={}, 
pages={1-12}, 
keywords={Cameras;Feature extraction;Solid modeling;Surveillance;Task analysis;Three-dimensional displays;Training;3D bounding box;Fine-grained vehicle recognition;convolutional neural network.;vehicle type verification}, 
doi={10.1109/TITS.2018.2799228}, 
ISSN={1524-9050}, 
month={},}
